<record><leader>00000cas a22000007a 4500</leader><controlfield tag="001">41364032</controlfield><controlfield tag="008">990514d19621964tnuwr ne      0    0eng d</controlfield><datafield ind1=" " ind2=" " tag="010"><subfield code="a">sn 99065806 </subfield></datafield><datafield ind1=" " ind2=" " tag="040"><subfield code="a">TGN</subfield><subfield code="b">eng</subfield><subfield code="c">TGN</subfield><subfield code="d">OCLCF</subfield><subfield code="d">OCLCO</subfield></datafield><datafield ind1="1" ind2=" " tag="029"><subfield code="a">AU@</subfield><subfield code="b">000020123736</subfield></datafield><datafield ind1=" " ind2=" " tag="042"><subfield code="a">msc</subfield></datafield><datafield ind1="0" ind2=" " tag="130"><subfield code="a">Sevier County news-record (Sevierville, Tenn. : 1962)</subfield></datafield><datafield ind1="0" ind2="4" tag="245"><subfield code="a">The Sevier County news-record.</subfield></datafield><datafield ind1="1" ind2=" " tag="246"><subfield code="i">Issues for Oct. 4, 1962; Mar. 14-28, Apr. 11, 1963;  May 7 &amp; June 18, 1964 have title:</subfield><subfield code="a">Sevier County news-record combined with the record-republican &amp; Montgomery's vindicator</subfield></datafield><datafield ind1="3" ind2="0" tag="246"><subfield code="a">News-record</subfield></datafield><datafield ind1=" " ind2=" " tag="260"><subfield code="a">Sevierville, Tenn. :</subfield><subfield code="b">William C. Postlewaite,</subfield><subfield code="c">1962-1964.</subfield></datafield><datafield ind1=" " ind2=" " tag="300"><subfield code="a">v.</subfield></datafield><datafield ind1=" " ind2=" " tag="310"><subfield code="a">Weekly</subfield></datafield><datafield ind1="0" ind2=" " tag="362"><subfield code="a">64th year, no. 48 (Aug. 30, 1962)-66th year, no. 42 (July 23, 1964).</subfield></datafield><datafield ind1=" " ind2="0" tag="651"><subfield code="a">Sevierville (Tenn.)</subfield><subfield code="v">Newspapers.</subfield></datafield><datafield ind1=" " ind2="0" tag="651"><subfield code="a">Sevier County (Tenn.)</subfield><subfield code="v">Newspapers.</subfield></datafield><datafield ind1=" " ind2="7" tag="655"><subfield code="a">Newspapers.</subfield><subfield code="2">fast</subfield><subfield code="0">(OCoLC)fst01423814</subfield></datafield><datafield ind1=" " ind2="7" tag="651"><subfield code="a">Tennessee</subfield><subfield code="z">Sevier County.</subfield><subfield code="2">fast</subfield><subfield code="0">(OCoLC)fst01223224</subfield></datafield><datafield ind1=" " ind2="7" tag="651"><subfield code="a">Tennessee</subfield><subfield code="z">Sevierville.</subfield><subfield code="2">fast</subfield><subfield code="0">(OCoLC)fst01227763</subfield></datafield><datafield ind1=" " ind2=" " tag="752"><subfield code="a">United States</subfield><subfield code="b">Tennessee</subfield><subfield code="c">Sevier</subfield><subfield code="d">Sevierville.</subfield></datafield><datafield ind1="0" ind2="0" tag="780"><subfield code="t">Sevier County news-record combined with the record-republican &amp; Montgomery's vindicator (Sevierville, Tenn. : 1957)</subfield><subfield code="w">(DLC)sn 99065805</subfield></datafield><datafield ind1="0" ind2="0" tag="785"><subfield code="t">Sevier County news-record combined with the record-republican &amp; Montgomery's vindicator (Sevierville, Tenn. : 1964)</subfield><subfield code="w">(DLC)sn 99065807</subfield></datafield></record>